<TALLYMESSAGE xmlns:UDF="TallyUDF">
    <VOUCHER REMOTEID="2d336634-5ba5-4c60-b837-110fe020c146-0000f1b7" VCHKEY="2d336634-5ba5-4c60-b837-110fe020c146-0000abec:00000064" VCHTYPE="Receipt" ACTION="Create" OBJVIEW="Accounting Voucher View">
     <OLDAUDITENTRYIDS.LIST TYPE="Number">
      <OLDAUDITENTRYIDS>-1</OLDAUDITENTRYIDS>
     </OLDAUDITENTRYIDS.LIST>
     <DATE>20200701</DATE>
     <GUID>2d336634-5ba5-4c60-b837-110fe020c146-0000f1b7</GUID>
     <TAXUNITNAME>Ware -House (Mankoli-Bhiwandi)</TAXUNITNAME>
     <VOUCHERTYPENAME>Receipt</VOUCHERTYPENAME>
     <VOUCHERNUMBER>397</VOUCHERNUMBER>
     <PARTYLEDGERNAME>Ajit Cycle Stores</PARTYLEDGERNAME>
     <CSTFORMISSUETYPE/>
     <CSTFORMRECVTYPE/>
     <FBTPAYMENTTYPE>Default</FBTPAYMENTTYPE>
     <PERSISTEDVIEW>Accounting Voucher View</PERSISTEDVIEW>
     <VCHGSTCLASS/>
     <ENTEREDBY>probike</ENTEREDBY>
     <DIFFACTUALQTY>No</DIFFACTUALQTY>
     <ISMSTFROMSYNC>No</ISMSTFROMSYNC>
     <ASORIGINAL>No</ASORIGINAL>
     <AUDITED>No</AUDITED>
     <FORJOBCOSTING>No</FORJOBCOSTING>
     <ISOPTIONAL>No</ISOPTIONAL>
     <EFFECTIVEDATE>20200701</EFFECTIVEDATE>
     <USEFOREXCISE>No</USEFOREXCISE>
     <ISFORJOBWORKIN>No</ISFORJOBWORKIN>
     <ALLOWCONSUMPTION>No</ALLOWCONSUMPTION>
     <USEFORINTEREST>No</USEFORINTEREST>
     <USEFORGAINLOSS>No</USEFORGAINLOSS>
     <USEFORGODOWNTRANSFER>No</USEFORGODOWNTRANSFER>
     <USEFORCOMPOUND>No</USEFORCOMPOUND>
     <USEFORSERVICETAX>No</USEFORSERVICETAX>
     <ISEXCISEVOUCHER>No</ISEXCISEVOUCHER>
     <EXCISETAXOVERRIDE>No</EXCISETAXOVERRIDE>
     <USEFORTAXUNITTRANSFER>No</USEFORTAXUNITTRANSFER>
     <IGNOREPOSVALIDATION>No</IGNOREPOSVALIDATION>
     <EXCISEOPENING>No</EXCISEOPENING>
     <USEFORFINALPRODUCTION>No</USEFORFINALPRODUCTION>
     <ISTDSOVERRIDDEN>No</ISTDSOVERRIDDEN>
     <ISTCSOVERRIDDEN>No</ISTCSOVERRIDDEN>
     <ISTDSTCSCASHVCH>No</ISTDSTCSCASHVCH>
     <INCLUDEADVPYMTVCH>No</INCLUDEADVPYMTVCH>
     <ISSUBWORKSCONTRACT>No</ISSUBWORKSCONTRACT>
     <ISVATOVERRIDDEN>No</ISVATOVERRIDDEN>
     <IGNOREORIGVCHDATE>No</IGNOREORIGVCHDATE>
     <ISVATPAIDATCUSTOMS>No</ISVATPAIDATCUSTOMS>
     <ISDECLAREDTOCUSTOMS>No</ISDECLAREDTOCUSTOMS>
     <ISSERVICETAXOVERRIDDEN>No</ISSERVICETAXOVERRIDDEN>
     <ISISDVOUCHER>No</ISISDVOUCHER>
     <ISEXCISEOVERRIDDEN>No</ISEXCISEOVERRIDDEN>
     <ISEXCISESUPPLYVCH>No</ISEXCISESUPPLYVCH>
     <ISGSTOVERRIDDEN>No</ISGSTOVERRIDDEN>
     <GSTNOTEXPORTED>No</GSTNOTEXPORTED>
     <IGNOREGSTINVALIDATION>No</IGNOREGSTINVALIDATION>
     <ISVATPRINCIPALACCOUNT>No</ISVATPRINCIPALACCOUNT>
     <ISBOENOTAPPLICABLE>No</ISBOENOTAPPLICABLE>
     <ISSHIPPINGWITHINSTATE>No</ISSHIPPINGWITHINSTATE>
     <ISOVERSEASTOURISTTRANS>No</ISOVERSEASTOURISTTRANS>
     <ISDESIGNATEDZONEPARTY>No</ISDESIGNATEDZONEPARTY>
     <ISCANCELLED>No</ISCANCELLED>
     <HASCASHFLOW>Yes</HASCASHFLOW>
     <ISPOSTDATED>No</ISPOSTDATED>
     <USETRACKINGNUMBER>No</USETRACKINGNUMBER>
     <ISINVOICE>No</ISINVOICE>
     <MFGJOURNAL>No</MFGJOURNAL>
     <HASDISCOUNTS>No</HASDISCOUNTS>
     <ASPAYSLIP>No</ASPAYSLIP>
     <ISCOSTCENTRE>No</ISCOSTCENTRE>
     <ISSTXNONREALIZEDVCH>No</ISSTXNONREALIZEDVCH>
     <ISEXCISEMANUFACTURERON>No</ISEXCISEMANUFACTURERON>
     <ISBLANKCHEQUE>No</ISBLANKCHEQUE>
     <ISVOID>No</ISVOID>
     <ISONHOLD>No</ISONHOLD>
     <ORDERLINESTATUS>No</ORDERLINESTATUS>
     <VATISAGNSTCANCSALES>No</VATISAGNSTCANCSALES>
     <VATISPURCEXEMPTED>No</VATISPURCEXEMPTED>
     <ISVATRESTAXINVOICE>No</ISVATRESTAXINVOICE>
     <VATISASSESABLECALCVCH>No</VATISASSESABLECALCVCH>
     <ISVATDUTYPAID>Yes</ISVATDUTYPAID>
     <ISDELIVERYSAMEASCONSIGNEE>No</ISDELIVERYSAMEASCONSIGNEE>
     <ISDISPATCHSAMEASCONSIGNOR>No</ISDISPATCHSAMEASCONSIGNOR>
     <ISDELETED>No</ISDELETED>
     <CHANGEVCHMODE>No</CHANGEVCHMODE>
     <ALTERID> 138379</ALTERID>
     <MASTERID> 61879</MASTERID>
     <VOUCHERKEY>189030100631652</VOUCHERKEY>
     <EXCLUDEDTAXATIONS.LIST>      </EXCLUDEDTAXATIONS.LIST>
     <OLDAUDITENTRIES.LIST>      </OLDAUDITENTRIES.LIST>
     <ACCOUNTAUDITENTRIES.LIST>      </ACCOUNTAUDITENTRIES.LIST>
     <AUDITENTRIES.LIST>      </AUDITENTRIES.LIST>
     <DUTYHEADDETAILS.LIST>      </DUTYHEADDETAILS.LIST>
     <SUPPLEMENTARYDUTYHEADDETAILS.LIST>      </SUPPLEMENTARYDUTYHEADDETAILS.LIST>
     <EWAYBILLDETAILS.LIST>      </EWAYBILLDETAILS.LIST>
     <INVOICEDELNOTES.LIST>      </INVOICEDELNOTES.LIST>
     <INVOICEORDERLIST.LIST>      </INVOICEORDERLIST.LIST>
     <INVOICEINDENTLIST.LIST>      </INVOICEINDENTLIST.LIST>
     <ATTENDANCEENTRIES.LIST>      </ATTENDANCEENTRIES.LIST>
     <ORIGINVOICEDETAILS.LIST>      </ORIGINVOICEDETAILS.LIST>
     <INVOICEEXPORTLIST.LIST>      </INVOICEEXPORTLIST.LIST>
     <ALLLEDGERENTRIES.LIST>
      <OLDAUDITENTRYIDS.LIST TYPE="Number">
       <OLDAUDITENTRYIDS>-1</OLDAUDITENTRYIDS>
      </OLDAUDITENTRYIDS.LIST>
      <LEDGERNAME>Ajit Cycle Stores</LEDGERNAME>
      <GSTCLASS/>
      <ISDEEMEDPOSITIVE>No</ISDEEMEDPOSITIVE>
      <LEDGERFROMITEM>No</LEDGERFROMITEM>
      <REMOVEZEROENTRIES>No</REMOVEZEROENTRIES>
      <ISPARTYLEDGER>Yes</ISPARTYLEDGER>
      <ISLASTDEEMEDPOSITIVE>No</ISLASTDEEMEDPOSITIVE>
      <ISCAPVATTAXALTERED>No</ISCAPVATTAXALTERED>
      <ISCAPVATNOTCLAIMED>No</ISCAPVATNOTCLAIMED>
      <AMOUNT>221979.00</AMOUNT>
      <VATEXPAMOUNT>221979.00</VATEXPAMOUNT>
      <SERVICETAXDETAILS.LIST>       </SERVICETAXDETAILS.LIST>
      <BANKALLOCATIONS.LIST>       </BANKALLOCATIONS.LIST>
      <BILLALLOCATIONS.LIST>
       <NAME>SSI19202245</NAME>
       <BILLTYPE>Agst Ref</BILLTYPE>
       <TDSDEDUCTEEISSPECIALRATE>No</TDSDEDUCTEEISSPECIALRATE>
       <AMOUNT>55.00</AMOUNT>
       <INTERESTCOLLECTION.LIST>        </INTERESTCOLLECTION.LIST>
       <STBILLCATEGORIES.LIST>        </STBILLCATEGORIES.LIST>
      </BILLALLOCATIONS.LIST>
      <BILLALLOCATIONS.LIST>
       <NAME>SSI19202246</NAME>
       <BILLTYPE>Agst Ref</BILLTYPE>
       <TDSDEDUCTEEISSPECIALRATE>No</TDSDEDUCTEEISSPECIALRATE>
       <AMOUNT>2572.00</AMOUNT>
       <INTERESTCOLLECTION.LIST>        </INTERESTCOLLECTION.LIST>
       <STBILLCATEGORIES.LIST>        </STBILLCATEGORIES.LIST>
      </BILLALLOCATIONS.LIST>
      <BILLALLOCATIONS.LIST>
       <NAME>SSI19202600</NAME>
       <BILLTYPE>Agst Ref</BILLTYPE>
       <TDSDEDUCTEEISSPECIALRATE>No</TDSDEDUCTEEISSPECIALRATE>
       <AMOUNT>941.00</AMOUNT>
       <INTERESTCOLLECTION.LIST>        </INTERESTCOLLECTION.LIST>
       <STBILLCATEGORIES.LIST>        </STBILLCATEGORIES.LIST>
      </BILLALLOCATIONS.LIST>
      <BILLALLOCATIONS.LIST>
       <NAME>SSICN/19-20/470</NAME>
       <BILLTYPE>Agst Ref</BILLTYPE>
       <TDSDEDUCTEEISSPECIALRATE>No</TDSDEDUCTEEISSPECIALRATE>
       <AMOUNT>-3068.00</AMOUNT>
       <INTERESTCOLLECTION.LIST>        </INTERESTCOLLECTION.LIST>
       <STBILLCATEGORIES.LIST>        </STBILLCATEGORIES.LIST>
      </BILLALLOCATIONS.LIST>
      <BILLALLOCATIONS.LIST>
       <NAME>SSICN/19-20/471</NAME>
       <BILLTYPE>Agst Ref</BILLTYPE>
       <TDSDEDUCTEEISSPECIALRATE>No</TDSDEDUCTEEISSPECIALRATE>
       <AMOUNT>-500.00</AMOUNT>
       <INTERESTCOLLECTION.LIST>        </INTERESTCOLLECTION.LIST>
       <STBILLCATEGORIES.LIST>        </STBILLCATEGORIES.LIST>
      </BILLALLOCATIONS.LIST>
      <BILLALLOCATIONS.LIST>
       <NAME>SSI19202955</NAME>
       <BILLTYPE>Agst Ref</BILLTYPE>
       <TDSDEDUCTEEISSPECIALRATE>No</TDSDEDUCTEEISSPECIALRATE>
       <AMOUNT>699.00</AMOUNT>
       <INTERESTCOLLECTION.LIST>        </INTERESTCOLLECTION.LIST>
       <STBILLCATEGORIES.LIST>        </STBILLCATEGORIES.LIST>
      </BILLALLOCATIONS.LIST>
      <BILLALLOCATIONS.LIST>
       <NAME>SSI20210333</NAME>
       <BILLTYPE>Agst Ref</BILLTYPE>
       <TDSDEDUCTEEISSPECIALRATE>No</TDSDEDUCTEEISSPECIALRATE>
       <AMOUNT>28476.00</AMOUNT>
       <INTERESTCOLLECTION.LIST>        </INTERESTCOLLECTION.LIST>
       <STBILLCATEGORIES.LIST>        </STBILLCATEGORIES.LIST>
      </BILLALLOCATIONS.LIST>
      <BILLALLOCATIONS.LIST>
       <NAME>SSI20210334</NAME>
       <BILLTYPE>Agst Ref</BILLTYPE>
       <TDSDEDUCTEEISSPECIALRATE>No</TDSDEDUCTEEISSPECIALRATE>
       <AMOUNT>75684.00</AMOUNT>
       <INTERESTCOLLECTION.LIST>        </INTERESTCOLLECTION.LIST>
       <STBILLCATEGORIES.LIST>        </STBILLCATEGORIES.LIST>
      </BILLALLOCATIONS.LIST>
      <BILLALLOCATIONS.LIST>
       <NAME>SSI20210335</NAME>
       <BILLTYPE>Agst Ref</BILLTYPE>
       <TDSDEDUCTEEISSPECIALRATE>No</TDSDEDUCTEEISSPECIALRATE>
       <AMOUNT>90811.00</AMOUNT>
       <INTERESTCOLLECTION.LIST>        </INTERESTCOLLECTION.LIST>
       <STBILLCATEGORIES.LIST>        </STBILLCATEGORIES.LIST>
      </BILLALLOCATIONS.LIST>
      <BILLALLOCATIONS.LIST>
       <NAME>SSI20210336</NAME>
       <BILLTYPE>Agst Ref</BILLTYPE>
       <TDSDEDUCTEEISSPECIALRATE>No</TDSDEDUCTEEISSPECIALRATE>
       <AMOUNT>26309.00</AMOUNT>
       <INTERESTCOLLECTION.LIST>        </INTERESTCOLLECTION.LIST>
       <STBILLCATEGORIES.LIST>        </STBILLCATEGORIES.LIST>
      </BILLALLOCATIONS.LIST>
      <INTERESTCOLLECTION.LIST>       </INTERESTCOLLECTION.LIST>
      <OLDAUDITENTRIES.LIST>       </OLDAUDITENTRIES.LIST>
      <ACCOUNTAUDITENTRIES.LIST>       </ACCOUNTAUDITENTRIES.LIST>
      <AUDITENTRIES.LIST>       </AUDITENTRIES.LIST>
      <INPUTCRALLOCS.LIST>       </INPUTCRALLOCS.LIST>
      <DUTYHEADDETAILS.LIST>       </DUTYHEADDETAILS.LIST>
      <EXCISEDUTYHEADDETAILS.LIST>       </EXCISEDUTYHEADDETAILS.LIST>
      <RATEDETAILS.LIST>       </RATEDETAILS.LIST>
      <SUMMARYALLOCS.LIST>       </SUMMARYALLOCS.LIST>
      <STPYMTDETAILS.LIST>       </STPYMTDETAILS.LIST>
      <EXCISEPAYMENTALLOCATIONS.LIST>       </EXCISEPAYMENTALLOCATIONS.LIST>
      <TAXBILLALLOCATIONS.LIST>       </TAXBILLALLOCATIONS.LIST>
      <TAXOBJECTALLOCATIONS.LIST>       </TAXOBJECTALLOCATIONS.LIST>
      <TDSEXPENSEALLOCATIONS.LIST>       </TDSEXPENSEALLOCATIONS.LIST>
      <VATSTATUTORYDETAILS.LIST>       </VATSTATUTORYDETAILS.LIST>
      <COSTTRACKALLOCATIONS.LIST>       </COSTTRACKALLOCATIONS.LIST>
      <REFVOUCHERDETAILS.LIST>       </REFVOUCHERDETAILS.LIST>
      <INVOICEWISEDETAILS.LIST>       </INVOICEWISEDETAILS.LIST>
      <VATITCDETAILS.LIST>       </VATITCDETAILS.LIST>
      <ADVANCETAXDETAILS.LIST>       </ADVANCETAXDETAILS.LIST>
     </ALLLEDGERENTRIES.LIST>
     <ALLLEDGERENTRIES.LIST>
      <OLDAUDITENTRYIDS.LIST TYPE="Number">
       <OLDAUDITENTRYIDS>-1</OLDAUDITENTRYIDS>
      </OLDAUDITENTRYIDS.LIST>
      <LEDGERNAME>Standard Chartered Bank</LEDGERNAME>
      <GSTCLASS/>
      <ISDEEMEDPOSITIVE>Yes</ISDEEMEDPOSITIVE>
      <LEDGERFROMITEM>No</LEDGERFROMITEM>
      <REMOVEZEROENTRIES>No</REMOVEZEROENTRIES>
      <ISPARTYLEDGER>Yes</ISPARTYLEDGER>
      <ISLASTDEEMEDPOSITIVE>Yes</ISLASTDEEMEDPOSITIVE>
      <ISCAPVATTAXALTERED>No</ISCAPVATTAXALTERED>
      <ISCAPVATNOTCLAIMED>No</ISCAPVATNOTCLAIMED>
      <AMOUNT>-221979.00</AMOUNT>
      <VATEXPAMOUNT>-221979.00</VATEXPAMOUNT>
      <SERVICETAXDETAILS.LIST>       </SERVICETAXDETAILS.LIST>
      <BANKALLOCATIONS.LIST>
       <DATE>20200701</DATE>
       <INSTRUMENTDATE>20200701</INSTRUMENTDATE>
       <BANKERSDATE>20200701</BANKERSDATE>
       <NAME>9d64e6ef-0a1f-470b-8152-5281af41c553</NAME>
       <TRANSACTIONTYPE>Inter Bank Transfer</TRANSACTIONTYPE>
       <PAYMENTFAVOURING>Ajit Cycle Stores</PAYMENTFAVOURING>
       <TRANSFERMODE>RTGS</TRANSFERMODE>
       <UNIQUEREFERENCENUMBER>4z9qdSyDp6B0SJpg</UNIQUEREFERENCENUMBER>
       <STATUS>No</STATUS>
       <PAYMENTMODE>Transacted</PAYMENTMODE>
       <BANKPARTYNAME>Ajit Cycle Stores</BANKPARTYNAME>
       <ISCONNECTEDPAYMENT>No</ISCONNECTEDPAYMENT>
       <ISSPLIT>No</ISSPLIT>
       <ISCONTRACTUSED>No</ISCONTRACTUSED>
       <ISACCEPTEDWITHWARNING>No</ISACCEPTEDWITHWARNING>
       <ISTRANSFORCED>No</ISTRANSFORCED>
       <CHEQUEPRINTED> 1</CHEQUEPRINTED>
       <AMOUNT>-221979.00</AMOUNT>
       <CONTRACTDETAILS.LIST>        </CONTRACTDETAILS.LIST>
       <BANKSTATUSINFO.LIST>        </BANKSTATUSINFO.LIST>
      </BANKALLOCATIONS.LIST>
      <BILLALLOCATIONS.LIST>       </BILLALLOCATIONS.LIST>
      <INTERESTCOLLECTION.LIST>       </INTERESTCOLLECTION.LIST>
      <OLDAUDITENTRIES.LIST>       </OLDAUDITENTRIES.LIST>
      <ACCOUNTAUDITENTRIES.LIST>       </ACCOUNTAUDITENTRIES.LIST>
      <AUDITENTRIES.LIST>       </AUDITENTRIES.LIST>
      <INPUTCRALLOCS.LIST>       </INPUTCRALLOCS.LIST>
      <DUTYHEADDETAILS.LIST>       </DUTYHEADDETAILS.LIST>
      <EXCISEDUTYHEADDETAILS.LIST>       </EXCISEDUTYHEADDETAILS.LIST>
      <RATEDETAILS.LIST>       </RATEDETAILS.LIST>
      <SUMMARYALLOCS.LIST>       </SUMMARYALLOCS.LIST>
      <STPYMTDETAILS.LIST>       </STPYMTDETAILS.LIST>
      <EXCISEPAYMENTALLOCATIONS.LIST>       </EXCISEPAYMENTALLOCATIONS.LIST>
      <TAXBILLALLOCATIONS.LIST>       </TAXBILLALLOCATIONS.LIST>
      <TAXOBJECTALLOCATIONS.LIST>       </TAXOBJECTALLOCATIONS.LIST>
      <TDSEXPENSEALLOCATIONS.LIST>       </TDSEXPENSEALLOCATIONS.LIST>
      <VATSTATUTORYDETAILS.LIST>       </VATSTATUTORYDETAILS.LIST>
      <COSTTRACKALLOCATIONS.LIST>       </COSTTRACKALLOCATIONS.LIST>
      <REFVOUCHERDETAILS.LIST>       </REFVOUCHERDETAILS.LIST>
      <INVOICEWISEDETAILS.LIST>       </INVOICEWISEDETAILS.LIST>
      <VATITCDETAILS.LIST>       </VATITCDETAILS.LIST>
      <ADVANCETAXDETAILS.LIST>       </ADVANCETAXDETAILS.LIST>
     </ALLLEDGERENTRIES.LIST>
     <PAYROLLMODEOFPAYMENT.LIST>      </PAYROLLMODEOFPAYMENT.LIST>
     <ATTDRECORDS.LIST>      </ATTDRECORDS.LIST>
     <GSTEWAYCONSIGNORADDRESS.LIST>      </GSTEWAYCONSIGNORADDRESS.LIST>
     <GSTEWAYCONSIGNEEADDRESS.LIST>      </GSTEWAYCONSIGNEEADDRESS.LIST>
     <TEMPGSTRATEDETAILS.LIST>      </TEMPGSTRATEDETAILS.LIST>
    </VOUCHER>
</TALLYMESSAGE>